<mx:record xmlns="http://www.w3.org/TR/xhtml1/strict" xmlns:mx="http://www.loc.gov/MARC21/slim" xmlns:xsi="http://www.w3.org/2001/XMLSchema-instance"><mx:leader>00000cz   2200000n  0000</mx:leader><mx:controlfield tag="001">oca03851927 </mx:controlfield><mx:controlfield tag="005">20001102071125.0</mx:controlfield><mx:controlfield tag="008">950502n| acannaabn          |a aaa     c</mx:controlfield><mx:datafield ind1=" " ind2=" " tag="010"><mx:subfield code="a">nr 95016314</mx:subfield></mx:datafield><mx:datafield ind1=" " ind2=" " tag="040"><mx:subfield code="a">NNC</mx:subfield><mx:subfield code="b">eng</mx:subfield><mx:subfield code="c">NNC</mx:subfield><mx:subfield code="d">OCoLC</mx:subfield></mx:datafield><mx:datafield ind1="1" ind2=" " tag="100"><mx:subfield code="a">Lutatius Catulus, Q.</mx:subfield><mx:subfield code="q">(Quintus),</mx:subfield><mx:subfield code="d">150 B.C.-87 B.C.</mx:subfield></mx:datafield><mx:datafield ind1="1" ind2=" " tag="400"><mx:subfield code="a">Catulus, Q. Lutatius</mx:subfield><mx:subfield code="q">(Quintus Lutatius),</mx:subfield><mx:subfield code="d">150 B.C.-87 B.C.</mx:subfield></mx:datafield><mx:datafield ind1="0" ind2=" " tag="400"><mx:subfield code="a">Q. Lutatius Catulus</mx:subfield><mx:subfield code="q">(Quintus Lutatius Catulus),</mx:subfield><mx:subfield code="d">150 B.C.-87 B.C.</mx:subfield></mx:datafield><mx:datafield ind1="1" ind2=" " tag="400"><mx:subfield code="a">Lutatius Catulus, Quintus,</mx:subfield><mx:subfield code="d">150 B.C.-87 B.C.</mx:subfield></mx:datafield><mx:datafield ind1=" " ind2=" " tag="670"><mx:subfield code="a">The works of Q. Lutatius Catulus [CF] 1991:</mx:subfield><mx:subfield code="b">PHI CD ROM #5.3, Latin ca   non, bibliographic screen (Q. Lutatius Catulus)</mx:subfield></mx:datafield><mx:datafield ind1=" " ind2=" " tag="670"><mx:subfield code="a">Oxford Class. Dict., 1st ed.:</mx:subfield><mx:subfield code="b">p. 176 (Catulus, Quintus Lutatius; d. 87 B.C.)</mx:subfield></mx:datafield><mx:datafield ind1=" " ind2=" " tag="670"><mx:subfield code="a">Pauly-Wissowa:</mx:subfield><mx:subfield code="b">26. Halbbd., c. 2072-2082 (Lutatius Catulus, Q.; b. 150 B.C.)</mx:subfield></mx:datafield><mx:datafield ind1=" " ind2=" " tag="675"><mx:subfield code="a">NUC pre-56.</mx:subfield></mx:datafield></mx:record>